
@misc{ogf,
  author   = {},
  title    = {{Open Grid Forum (OGF)}},
  note     = {\url{http://www.ogf.org/~}},
}

@misc{saga-uc,
  author      = {Andre Merzky and Shantenu Jha},
  title       = {{A Collection of Use Cases for a
                  Simple API for Grid Applications}},
  howpublished = {Grid Forum Document GFD.70},
  note        = {Global Grid Forum},
  year        = 2006,
}

@misc{saga-req,
  author      = {Andre Merzky and Shantenu Jha},
  title       = {{A Requirements Analysis for a Simple API for Grid
                  Applications}},
  howpublished = {Grid Forum Document GFD.71},
  year        = 2006,
  note        = {Global Grid Forum},
}

@article{saga-sc05,
  author    = {Tom Goodale and Shantenu Jha and Hartmut Kaiser and
               Thilo Kielmann and Pascal Kleijer and Gregor von Laszewski and
               Craig Lee and Andre Merzky and Hrabri Rajic and John Shalf},
  title     = {{SAGA: A Simple API for Grid Applications
               -- High-Level Application Programming on the Grid}},
  journal   = {{Computational Methods in Science and Technology: special
               issue "Grid Applications: New Challenges for Computational
               Methods"}},
  volume    = {8},
  number    = {2},
  year      = {2005},
  month     = {SC05, November},
}

@article{cog,
  author    = "Gregor von Laszewski and Ian Foster and Jarek Gawor and Peter Lane",
  title     = "A {Java} commodity grid kit",
  journal   = "Concurrency and Computation: Practice and Experience",
  volume    = "13",
  number    = "8--9",
  pages     = "645--662",
  year      = "2001",
  url       = "citeseer.ist.psu.edu/article/vonlaszewski01java.html",
}

@misc{gridcpr,
  author      = {{Grid Checkpoint and Recovery Working Group (GridCPR),
                  Open Grid Forum (OGF)}},
  howpublished = {\url{http://forge.ogf.org/sf/projects/gridcpr-wg}}
}

@misc{gridrpc,
  title       = {{A GridRPC Model and API for End-User Applications}},
  author      = {H. Nakada and S. Matsuoka and K. Seymour and J. Dongarra
                 and C. Lee and H. Casanova},
  howpublished = {Grid Forum Document GFD.52},
  year        = {2005},
  note = {Global Grid Forum},
}

@misc{drmaa-spec,
  title       = {{Distributed Resource Management Application API 
                  Specification 1.0}},
  author      = {H. Rajic and
                 R. Brobst and W. Chan and F. Ferstl and J. Gardiner and
                 J. P. Robarts and A. Haas and B. Nitzberg and H. Rajic and
                 J. Tollefsrud},
  howpublished = {Grid Forum Document GFD.22},
  year        = {2004},
  note = {Global Grid Forum},
}

@misc{drmaa-wg,
  author   = {{DRMAA Working Group}},
  title    = {{Open Grid Forum}},
  note     = {\url{http://forge.ogf.org/sf/projects/drmaa-wg/}},
}

@misc{jsdl-spec,
  title    = {{Job Submission Description Language (JSDL) Specification V1.0}},
  author   = {A. Anjomshoaa and F. Brisard and M. Drescher and D. Fellows and
              A. Ly and S. McGough and D. Pulsipher and A. Savva},
  howpublished = {Grid Forum Document GFD.56},  
  year     = {2005},
  note     = {Global Grid Forum},
}

@misc{jsdl-spmd,
  title    = {{JSDL SPMD Application Extension, Version 1.0 (draft 008)}},
  author   = {Michel Drescher and Ali Anjomshoaa},
  howpublished = {{Grid Forum Working Draft}},  
  year     = {2007},
  note     = {Open Grid Forum},
}

@misc{jsdl-paramsweep,
  title    = {{JSDL Parameter Sweep Job Extension (draft 006)}},
  author   = {Michel Drescher and Ali Anjomshoaa},
  howpublished = {{Grid Forum Working Draft}},  
  year     = {2007},
  note     = {Open Grid Forum},
}

@misc{jsdl-wg,
  author   = {{JSDL Working Group}},
  title    = {{Open Grid Forum}},
  note     = {\url{http://forge.ogf.org/sf/projects/jsdl-wg/}},
}


@inproceedings{glite,
 author    = {R\&\#252;diger Berlich and Marcel Kunze and Kilian Schwarz},
 title     = {{Grid computing in Europe: from research to deployment}},
 booktitle = {{CRPIT '44: Proceedings of the 2005 Australasian workshop on
               Grid computing and e-research}},
 year      = {2005},
 isbn      = {1-920-68226-0},
 pages     = {21--27},
 location  = {Newcastle, New South Wales, Australia},
 publisher = {Australian Computer Society, Inc.},
 address   = {Darlinghurst, Australia},
}

@article{gat,
  author   = {Gabrielle Allen and Kelly Davis and Tom Goodale and
               Andrei Hutanu and Hartmut Kaiser and Thilo Kielmann
               and Andre Merzky and Rob van Nieuwpoort and Alexander
               Reinefeld and Florian Schintke and Thorsten Sch{\"u}tt
               and Ed Seidel and Brygg Ullmer},
  title    = {{The Grid Application Toolkit: Towards Generic and Easy
              Application Programming Interfaces for the Grid.}},
  journal  = {Proceedings of the IEEE},
  volume = 93,
  number = 3,
  pages = {534--550},
  year     = {2005},
}

@misc{sidl,
  author   = {{Babel Project}},
  title    = {{Scientific Interface Definition Language (SIDL)}},
  note     = {\url{http://www.llnl.gov/CASC/components/babel.html}~},
}

@misc{rfc-3986,
  author    = "T. Berners-Lee and R. Fielding and L. Masinter",
  title     = "{Uniform Resource Identifier (URI): Generic Syntax}",
  series    = "Request for Comments",
  number    = "3986",
  howpublished="RFC 3986 (Standard)",
  publisher = "IETF",
  organisation="Internet Engineering Task Force",
  year      = 2005,
  month     = jan,
  url       = "http://www.ietf.org/rfc/rfc3986.txt",
}

@misc{rfc-4122,
  author      = {P. Leach and M. Mealling and R. Salz},
  title       = {{A Universally Unique IDentifier (UUID) URN Namespace}},
  howpublished = {RFC~4122, Internet Engineering Task Force (IETF)},
  year        = 2005,
  note        = {\url{http://www.ietf.org/rfc/rfc4122.txt}~},
}

@misc{rns,
  author   = {M. Pereira and O. Tatebe and L. Luan and T. Anderson},
  title    = {{Resource Namespace Service Specification}},
  howpublished = {Working document, Grid File Systems Working Group,
                  Open Grid Forum},
  note     = {\url{http://www.ogf.org/pipermail/gfs-wg/attachments/20060922/f2e549ed/attachment-0001.pdf}},
  year     = 2006,
  month    = {September},
}
@misc{bes,
  author   = {A. Grimshaw and S. Newhouse and Darren Pulsipher and M. Morgan},
  title    = {{OGSA Basic Execution Service, Version 1.0}},
  howpublished = {Working document, OGSA Basic Execution Service Working Group,
                  Open Grid Forum},
  note     = {\url{http://www.ogf.org/pipermail/ogsa-bes-wg/attachments/20060906/c1849ef3/attachment-0003.doc}},
  year     = 2006,
  month    = {September},
}

@Article{falls,
  Author   = {F. Isaila and W. Tichy},
  Title    = {Clusterfile: A Flexible Physical Layout Parallel File System},
  Journal  = {Concurrency and Computation: Practice and Experience},
  volume   = 15,
  number = {7--8},
  pages = {653--679},
  year     = 2003,
}

@misc{rfc-2119,
  author      = {S. Bradner},
  title       = {{Key Words for Use in RFCs to Indicate Requirement
                  Levels}},
  howpublished = {{RFC~2119, Internet Engineering Task Force (IETF)}},
  year        = 1997,
  note        = {\url{http://www.ietf.org/rfc/rfc2119.txt}},
}

@techreport{ogsa-gfd,
  title       = {{The Open Grid Services Architecture, Version 1.0}},
  author      = {I. Foster and H. Kishimoto and A. Savva and D. Berry and
                 A. Djaoui and A. Grimshaw and B. Horn and F. Maciel and
                 F. Siebenlist and R. Subramaniam and J. Treadwell and
                 J. Von Reich},
  institution = {Global Grid Forum},
  year        = {2005},
  note        = {{GFD.30}},
}

@misc{consistency,
  author   = {{Wikipedia}},
  note     = {\url{http://en.wikipedia.org/wiki/Consistency_model}},
}

@techreport{rft, 
  title        = {{Reliable Data Transport: A Critical Service for the Grid}},
  author       = {W.E. Allcock and I. Foster and R. Madduri}, 
  howpublished = {{Building Service Based Grids Workshop}}, 
  institution  = {{Global Grid Forum 11}},
  month        = {June}, 
  year         = 2004
}

@misc{checklist,
  author       = {{Ian Foster}},
  title        = {{What is the Grid? A Three Point Checklist.}},
  type         = {{Web pages, \url{http://www-fp.mcs.anl.gov/~foster/Articles/WhatIsTheGrid.pdf}}},
  year         = 2002
}
  

@misc{posix,
  title        = {{IEEE Std 1003.1, 2004 Edition}},
  note         = {{The Open Group Technical Standard Base Specifications (POSIX.1),
                   Issue 6, 2004 Edition, (Includes IEEE Std 1003.1-2001, IEEE Std 
                   1003.1-2001/Cor 1-2002 and IEEE Std 1003.1-2001/Cor 2-2004)}}
}

@Book{posix1,
  key          = "POSIX.1-90",
  title        = "Portable Operating System Interface ({POSIX}) -- Part 1:
                  System Application Program Interface ({API}) [C
                 Language]",
  publisher    = "IEEE Computer Society",                   
  address      = "345 E. 47th St, New York, NY 10017, USA", 
  year         = "1990",
  series       = "Information technology -- Portable Operating System
                 Interface ({POSIX})",
  ISBN         = "1-55937-061-0",
  LCCN         = "90-084554",
  ISO-standard-number = "ISO/IEC 9945-1: 1990",
  IEEE-standard-number = "IEEE Std 1003.1-1990",
}

@Book{posix2,
  key          = "POSIX.2-93 vol 1",
  title        = "Portable Operating System Interface ({POSIX}) -- Part
                 2: Shell and Utilities (Volume 1)",
  pages        = "1--750",
  contents     = "Sections 1--7, Annexes A--C",
  publisher    = "IEEE Computer Society",
  address      = "345 E. 47th St, New York, NY 10017, USA",
  year         = "1993",
  series       = "Information technology -- Portable Operating System
                 Interface ({POSIX})",
  ISBN         = "1-55937-255-9",
  IEEE-standard-number = "IEEE Std 1003.2-1992",
}

@Book{posix3,
  key          = "POSIX.2-93 vol 2",
  title        = "Portable Operating System Interface ({POSIX}) -- Part
                 2: Shell and Utilities (Volume 2)",
  pages        = "751--1195",
  contents     = "Annexes D--H",
  publisher    = "IEEE Computer Society",
  address      = "345 E. 47th St, New York, NY 10017, USA",
  year         = "1993",
  series       = "Information technology -- Portable Operating System
                 Interface ({POSIX})",
  ISBN         = "1-55937-255-9",
  IEEE-standard-number = "IEEE Std 1003.2-1992",
}

@inproceedings{saga-a-bulks,
  author        = {Stephan Hirmer and Hartmut Kaiser and Andre Merzky and Andrei Hutanu and Gabrielle Allen},
  title         = {{Generic Support for Bulk Operations in Grid Applications}},
  booktitle     = {MCG '06: Proceedings of the 4th International Workshop on
                   Middleware for Grid Computing},
  year          = 2006,
  month         = {{November}},
  isbn          = {1-59593-581-9},
  pages         = {9},
  location      = {Melbourne, Australia},
  doi           = {\url{http://doi.acm.org/10.1145/1186675.1186685}},
  publisher     = {ACM Press},
  address       = {New York, NY, USA},
}


@techreport{ogf-gfd-70,
  author       = {Shantenu Jha and Andre Merzky},
  title        = {{A Collection of Use Cases for a
                  Simple API for Grid Applications}},
  howpublished = {Grid Forum Document GFD.70},
  type         = {{OGF Informational Document}},
  note         = {\url{http://www.ggf.org/documents/GFD.70.pdf}},
  year         = 2006,
}

@techreport{ogf-gfd-71,
  author       = {Shantenu Jha and Andre Merzky},
  title        = {{A Requirements Analysis for a Simple API for Grid
                  Applications}},
  howpublished = {Grid Forum Document GFD.71},
  type         = {{OGF Informational Document}},
  year         = 2006,
  note         = {\url{http://www.ggf.org/documents/GFD.71.pdf}},
}

@techreport{ogf-saga-cpr,
  author       = {Andre Merzky},
  title        = {{SAGA Extension: Checkpoint and Recovery API (CPR)}},
  howpublished = {{Grid Forum Document GFD.XX}},
  type         = {{Draft for an OGF Proposed Recommendation Document}},
  year         = 2008,
  note         = {\url{http://www.ogf.org/OGF27/materials/1767/saga_cpr.pdf}},
}

@techreport{ogf-saga-advert,
  author       = {Andre Merzky},
  title        = {{SAGA API Extension: Advert API}},
  howpublished = {{Grid Forum Document GFD.XX}},
  type         = {{Draft for an OGF Proposed Recommendation Document}},
  year         = 2008,
  note         = {\url{http://www.ogf.org/OGF27/materials/1767/saga_adverts.pdf}},
}

@techreport{ogf-saga-message,
  author       = {Andre Merzky},
  title        = {{SAGA API Extension: Message API}},
  howpublished = {{Grid Forum Document GFD.XX}},
  type         = {{Draft for an OGF Proposed Recommendation Document}},
  year         = 2008,
  note         = {\url{http://www.ogf.org/OGF27/materials/1767/saga_messages.pdf}},
}

@techreport{ogf-gfd-90,
  author       = {Tom Goodale and
                 Shantenu Jha and
                 Hartmut Kaiser and
                 Thilo Kielmann and
                 Pascal Kleijer and
                 Andre Merzky and
                 John Shalf and
                 Christopher Smith},
  title        = {{A Simple API for Grid Applications (SAGA)}},
  howpublished = {Grid Forum Document GFD.90},
  type         = {{OGF Proposed Recommendation Document}},
  year         = 2007,
  note         = {Open Grid Forum},
}

@misc{boost,
  author   = {},
  title    = {{Boost}},
  note     = {\url{http://www.boost.org/~}},
}

@misc{tr1,
  author   = {{ISO/IEC TR 19768, C++ Library Extensions}},
  title    = {{C++ Technical Report 1 (TR1)}},
  note     = {\url{http://en.wikipedia.org/wiki/C%2B%2B_Technical_Report_1}},
}

